<record><leader>00000cas a22000007a 4500</leader><controlfield tag="001">16127434</controlfield><controlfield tag="008">870702d19191922inuwr ne      0    0eng d</controlfield><datafield ind1=" " ind2=" " tag="010"><subfield code="a">sn 87056592 </subfield></datafield><datafield ind1=" " ind2=" " tag="040"><subfield code="a">NPI</subfield><subfield code="b">eng</subfield><subfield code="c">NPI</subfield><subfield code="d">OCLCQ</subfield></datafield><datafield ind1=" " ind2=" " tag="042"><subfield code="a">msc</subfield></datafield><datafield ind1="0" ind2=" " tag="130"><subfield code="a">South side news (Indianapolis, Ind.)</subfield></datafield><datafield ind1="1" ind2="4" tag="245"><subfield code="a">The South side news.</subfield></datafield><datafield ind1=" " ind2=" " tag="260"><subfield code="a">Indianapolis, Ind. :</subfield><subfield code="b">Charles M. Fillmore,</subfield><subfield code="c">-1922.</subfield></datafield><datafield ind1=" " ind2=" " tag="310"><subfield code="a">Weekly</subfield></datafield><datafield ind1="1" ind2=" " tag="362"><subfield code="a">Began with Oct. 2, 1919 issue.</subfield></datafield><datafield ind1="0" ind2=" " tag="362"><subfield code="a">-3rd year, no. 52 (Sept. 22, 1922).</subfield></datafield><datafield ind1=" " ind2=" " tag="580"><subfield code="a">Also published in an east side ed. called: The East side news.</subfield></datafield><datafield ind1=" " ind2=" " tag="588"><subfield code="a">Description based on: Vol. 1, no. 2 (Oct. 9, 1919).</subfield></datafield><datafield ind1=" " ind2=" " tag="752"><subfield code="a">United States</subfield><subfield code="b">Indiana</subfield><subfield code="c">Marion</subfield><subfield code="d">Indianapolis.</subfield></datafield><datafield ind1="1" ind2=" " tag="775"><subfield code="t">East side news (Indianapolis, Ind.)</subfield><subfield code="w">(DLC)sn 87056589</subfield></datafield><datafield ind1="0" ind2="0" tag="785"><subfield code="t">South side home news</subfield><subfield code="w">(DLC)sn 87056593</subfield></datafield></record>